{"gold_per_floor":[110,60,60,76,76,76,111,286,310,310],"floor_reached":10,"playtime":684,"items_purged":[],"score":64,"play_id":"fcc3b0b2-8c6c-43aa-957e-0409990db4bb","local_time":"20210925235634","is_ascension_mode":false,"campfire_choices":[{"data":"Calculated Gamble","floor":6,"key":"SMITH"}],"neow_cost":"NONE","seed_source_timestamp":234383553796774,"circlet_count":0,"master_deck":["Strike_G","Strike_G","Strike_G+1","Strike_G+1","Defend_G+1","Defend_G","Defend_G","Defend_G","Defend_G","Survivor","Neutralize+1","Calculated Gamble+1","Backflip","Catalyst","Doubt"],"relics":["Black Star","Blood Vial","Whetstone","Bag of Marbles"],"potions_floor_usage":[7,10],"damage_taken":[{"damage":7,"enemies":"Small Slimes","floor":1,"turns":4},{"damage":0,"enemies":"2 Louse","floor":4,"turns":5},{"damage":40,"enemies":"Gremlin Nob","floor":7,"turns":7},{"damage":15,"enemies":"Lagavulin","floor":10,"turns":11}],"seed_played":"-8675996073139783030","potions_obtained":[{"floor":1,"key":"Weak Potion"},{"floor":4,"key":"BlessingOfTheForge"}],"is_trial":false,"path_per_floor":["M","?","?","M","?","R","E","?","T","E"],"character_chosen":"THE_SILENT","items_purchased":[],"campfire_rested":0,"item_purchase_floors":[],"current_hp_per_floor":[63,63,68,68,53,53,13,13,13,0],"gold":310,"neow_bonus":"BOSS_RELIC","is_prod":false,"is_daily":false,"chose_seed":false,"campfire_upgraded":1,"win_rate":0.0,"timestamp":1632585394,"path_taken":["M","?","?","M","?","R","E","?","T","E"],"build_version":"2020-01-27","purchased_purges":0,"victory":false,"max_hp_per_floor":[70,70,75,75,75,75,75,75,75,75],"card_choices":[{"not_picked":["Blade Dance","Caltrops"],"picked":"Calculated Gamble","floor":1},{"not_picked":["Sucker Punch","Dodge and Roll"],"picked":"Backflip","floor":4},{"not_picked":["Eviscerate","Underhanded Strike"],"picked":"Catalyst","floor":7}],"player_experience":8491,"relics_obtained":[{"floor":7,"key":"Blood Vial"},{"floor":7,"key":"Whetstone"},{"floor":9,"key":"Bag of Marbles"}],"event_choices":[{"cards_removed":["Strike_G"],"damage_healed":0,"gold_gain":0,"player_choice":"Card Removal","damage_taken":0,"max_hp_gain":0,"max_hp_loss":0,"event_name":"The Cleric","floor":2,"gold_loss":50},{"damage_healed":0,"gold_gain":0,"player_choice":"Donut","damage_taken":0,"max_hp_gain":5,"max_hp_loss":0,"event_name":"Big Fish","floor":3,"gold_loss":0},{"damage_healed":0,"gold_gain":0,"player_choice":"Entered Light","damage_taken":15,"max_hp_gain":0,"max_hp_loss":0,"event_name":"Shining Light","floor":5,"gold_loss":0,"cards_upgraded":["Defend_G","Strike_G"]},{"damage_healed":0,"gold_gain":175,"player_choice":"AGREE","damage_taken":0,"max_hp_gain":0,"max_hp_loss":0,"event_name":"Liars Game","floor":8,"gold_loss":0,"cards_obtained":["Doubt"]}],"is_beta":false,"boss_relics":[],"items_purged_floors":[],"is_endless":false,"potions_floor_spawned":[1,4],"killed_by":"Lagavulin","ascension_level":0}