{"gold_per_floor":[115,115,40,40,53,53,71,71,96,113,141,41,41,72,72,177,177,190,190,390,105,118,118,146,160,160,160,160,260,279,279,279,381,381,391,405,405,420,420,420,453,453,505,555,568,580,596,16,16,16],"floor_reached":50,"playtime":4678,"items_purged":["Strike_G","Strike_G","Writhe","Defend_G"],"score":573,"play_id":"9d32b96a-bb51-4cce-9d71-d5e6ab5823b1","local_time":"20211004223008","is_ascension_mode":true,"campfire_choices":[{"data":"Finisher","floor":6.0,"key":"SMITH"},{"data":"Cloak And Dagger","floor":8.0,"key":"SMITH"},{"floor":13.0,"key":"REST"},{"floor":15.0,"key":"REST"},{"data":"A Thousand Cuts","floor":23.0,"key":"SMITH"},{"floor":27.0,"key":"REST"},{"floor":32.0,"key":"REST"},{"data":"Bullet Time","floor":40.0,"key":"SMITH"},{"floor":42,"key":"REST"},{"floor":49,"key":"REST"}],"neow_cost":"NONE","seed_source_timestamp":17273289375802,"circlet_count":0,"master_deck":["Strike_G","Defend_G","Defend_G","Survivor","Neutralize","Tactician","Bouncing Flask","Finisher+1","Cloak And Dagger+1","Dagger Throw","A Thousand Cuts+1","CurseOfTheBell","Poisoned Stab","Acrobatics","Adrenaline","Noxious Fumes","Backflip+1","Accuracy","Accuracy+1","Bullet Time+1","Blade Dance","Adrenaline","Calculated Gamble+1","Well Laid Plans","Reflex","Chrysalis","Outmaneuver+1"],"special_seed":0,"relics":["Ring of the Snake","Bag of Preparation","Bottled Lightning","Regal Pillow","Calling Bell","Dream Catcher","Matryoshka","Prayer Wheel","Happy Flower","Question Card","Meat on the Bone","HornCleat","MutagenicStrength","Du-Vu Doll","Pear","Tiny Chest","Gremlin Horn","Empty Cage","Pocketwatch","Ancient Tea Set","Ice Cream","Bottled Tornado"],"potions_floor_usage":[41,46,50,50],"damage_taken":[{"damage":2.0,"enemies":"Jaw Worm","floor":1.0,"turns":6.0},{"damage":1.0,"enemies":"Cultist","floor":5.0,"turns":3.0},{"damage":2.0,"enemies":"2 Louse","floor":7.0,"turns":2.0},{"damage":16.0,"enemies":"Exordium Thugs","floor":10.0,"turns":5.0},{"damage":39.0,"enemies":"3 Sentries","floor":11.0,"turns":12.0},{"damage":14.0,"enemies":"Lagavulin","floor":14.0,"turns":4.0},{"damage":22.0,"enemies":"Hexaghost","floor":16.0,"turns":9.0},{"damage":21.0,"enemies":"3 Byrds","floor":18.0,"turns":5.0},{"damage":3.0,"enemies":"Spheric Guardian","floor":22.0,"turns":3.0},{"damage":12.0,"enemies":"Gremlin Leader","floor":24.0,"turns":7.0},{"damage":27.0,"enemies":"Shelled Parasite and Fungi","floor":25.0,"turns":6.0},{"damage":0.0,"enemies":"Colosseum Slavers","floor":29.0,"turns":2.0},{"damage":37.0,"enemies":"Colosseum Nobs","floor":29.0,"turns":5.0},{"damage":0.0,"enemies":"3 Cultists","floor":30.0,"turns":3.0},{"damage":47.0,"enemies":"Champ","floor":33.0,"turns":13.0},{"damage":9.0,"enemies":"3 Shapes","floor":35.0,"turns":6.0},{"damage":0.0,"enemies":"Orb Walker","floor":36.0,"turns":3.0},{"damage":19.0,"enemies":"4 Shapes","floor":38.0,"turns":6.0},{"damage":48,"enemies":"Giant Head","floor":41,"turns":7},{"damage":27,"enemies":"Mind Bloom Boss Battle","floor":44,"turns":6},{"damage":28,"enemies":"Transient","floor":45,"turns":5},{"damage":5,"enemies":"Jaw Worm Horde","floor":46,"turns":3},{"damage":0,"enemies":"3 Darklings","floor":47,"turns":2},{"damage":85,"enemies":"Donu and Deca","floor":50,"turns":5}],"seed_played":"-2172167188357447292","potions_obtained":[{"floor":10.0,"key":"SkillPotion"},{"floor":14.0,"key":"Energy Potion"},{"floor":24.0,"key":"SkillPotion"},{"floor":29.0,"key":"CunningPotion"},{"floor":30.0,"key":"CultistPotion"},{"floor":35.0,"key":"Explosive Potion"},{"floor":41,"key":"SteroidPotion"},{"floor":47,"key":"AttackPotion"}],"is_trial":false,"path_per_floor":["M","?","$","?","M","R","M","R","T","M","E","$","R","E","R","B",null,"M","?","?","$","M","R","E","M","T","R","?","?","M","T","R","B",null,"M","M","?","M","?","R","E","R","T","?","M","M","M","$","R","B"],"character_chosen":"THE_SILENT","items_purchased":["Adrenaline","Bottled Tornado","Chrysalis"],"campfire_rested":6,"item_purchase_floors":[21,48,48],"current_hp_per_floor":[68,68,68,61,60,60,58,58,58,42,3,3,24,10,46,24,70,49,49,49,49,46,46,34,7,7,43,43,28,40,40,79,44,80,71,71,71,52,52,52,16,55,55,40,24,31,43,43,80,0],"gold":16,"neow_bonus":"THREE_CARDS","is_prod":false,"is_daily":false,"chose_seed":false,"campfire_upgraded":4,"win_rate":0,"timestamp":1633357808,"path_taken":["M","?","?","?","?","R","M","R","T","M","E","?","R","E","R","BOSS","M","?","?","$","?","R","E","M","T","R","?","?","?","?","R","BOSS","M","M","?","M","?","R","E","R","T","?","M","M","M","$","R","BOSS"],"build_version":"2020-01-27","purchased_purges":4,"victory":false,"max_hp_per_floor":[70,70,70,70,70,70,70,70,70,70,70,70,70,70,70,70,70,70,70,70,70,70,70,70,70,70,70,70,80,80,80,80,80,80,80,80,80,80,80,80,80,80,80,80,80,80,80,80,80,80],"card_choices":[{"not_picked":["Flying Knee","Deflect"],"picked":"Tactician","floor":0.0},{"not_picked":["Quick Slash","Bane"],"picked":"Bouncing Flask","floor":1.0},{"not_picked":["Dagger Spray","Terror","Riddle With Holes"],"picked":"SKIP","floor":5.0},{"not_picked":["Flying Knee","Dash"],"picked":"Cloak And Dagger","floor":7.0},{"not_picked":["Crippling Poison","Slice"],"picked":"Dagger Throw","floor":10.0},{"not_picked":["Skewer","Choke","Flying Knee"],"picked":"SKIP","floor":11.0},{"not_picked":["Flying Knee","Heel Hook","Deflect"],"picked":"SKIP","floor":14.0},{"not_picked":["Wraith Form v2","Adrenaline"],"picked":"A Thousand Cuts","floor":16.0},{"not_picked":["Dagger Throw","Bane"],"picked":"Poisoned Stab","floor":18.0},{"not_picked":["Calculated Gamble","Masterful Stab+1"],"picked":"Acrobatics","floor":18.0},{"not_picked":["Flechettes","Expertise"],"picked":"Noxious Fumes","floor":22.0},{"not_picked":["Sucker Punch","Outmaneuver+1","Dagger Throw"],"picked":"SKIP","floor":22.0},{"not_picked":["Masterful Stab+1","Dagger Spray+1","Calculated Gamble"],"picked":"SKIP","floor":24.0},{"not_picked":["Tactician","Endless Agony","Blade Dance"],"picked":"Backflip+1","floor":25.0},{"not_picked":["Dagger Throw","Malaise","Prepared","Dodge and Roll"],"picked":"SKIP","floor":25.0},{"not_picked":["Wraith Form v2","Flechettes+1","Slice"],"picked":"Accuracy","floor":30.0},{"not_picked":["Prepared","Dodge and Roll","Noxious Fumes+1","Poisoned Stab"],"picked":"SKIP","floor":30.0},{"not_picked":["Flying Knee","Tactician+1","Deflect"],"picked":"Accuracy+1","floor":32.0},{"not_picked":["Burst","Doppelganger","A Thousand Cuts"],"picked":"Bullet Time","floor":33.0},{"not_picked":["Flying Knee","Dodge and Roll","Acrobatics","PiercingWail+1"],"picked":"SKIP","floor":35.0},{"not_picked":["Masterful Stab+1","Bane+1","Deadly Poison","Cloak And Dagger"],"picked":"SKIP","floor":35.0},{"not_picked":["Deadly Poison","Cloak And Dagger","Malaise","Catalyst"],"picked":"SKIP","floor":36.0},{"not_picked":["Skewer","Bouncing Flask+1","Outmaneuver+1","Bane"],"picked":"SKIP","floor":36.0},{"not_picked":["Prepared","Dash","Accuracy"],"picked":"Blade Dance","floor":38.0},{"not_picked":["Blur+1","Dagger Spray","Sucker Punch+1","Prepared"],"picked":"SKIP","floor":38.0},{"not_picked":["Bane+1","Prepared","Sucker Punch+1"],"picked":"Adrenaline","floor":41},{"not_picked":["Deflect+1","Flechettes+1","Flying Knee+1"],"picked":"Calculated Gamble+1","floor":42},{"not_picked":["Slice","Footwork","Deadly Poison+1"],"picked":"Well Laid Plans","floor":45},{"not_picked":["Deadly Poison+1","Wraith Form v2","Expertise","Flechettes+1"],"picked":"SKIP","floor":45},{"not_picked":["Deflect","PiercingWail","Dagger Spray+1"],"picked":"Reflex","floor":46},{"not_picked":["Cloak And Dagger","Deflect+1","Accuracy","Outmaneuver+1"],"picked":"SKIP","floor":46},{"not_picked":["Bane","All Out Attack+1","Calculated Gamble","Deflect+1"],"picked":"SKIP","floor":47},{"not_picked":["All Out Attack+1","PiercingWail+1","Escape Plan+1","Underhanded Strike+1"],"picked":"SKIP","floor":47},{"not_picked":["Flying Knee+1","Dodge and Roll+1","Acrobatics+1"],"picked":"Outmaneuver+1","floor":49}],"player_experience":66709,"relics_obtained":[{"floor":9.0,"key":"Bag of Preparation"},{"floor":11.0,"key":"Bottled Lightning"},{"floor":14.0,"key":"Regal Pillow"},{"floor":17.0,"key":"Dream Catcher"},{"floor":17.0,"key":"Matryoshka"},{"floor":17.0,"key":"Prayer Wheel"},{"floor":24.0,"key":"Question Card"},{"floor":26.0,"key":"Meat on the Bone"},{"floor":26.0,"key":"HornCleat"},{"floor":29.0,"key":"Du-Vu Doll"},{"floor":29.0,"key":"Pear"},{"floor":31.0,"key":"Tiny Chest"},{"floor":31.0,"key":"Gremlin Horn"},{"floor":41,"key":"Pocketwatch"},{"floor":43,"key":"Ancient Tea Set"},{"floor":44,"key":"Ice Cream"}],"event_choices":[{"damage_healed":0.0,"max_hp_gain":0.0,"max_hp_loss":0.0,"gold_gain":0.0,"cards_transformed":["Strike_G"],"event_name":"Transmorgrifier","player_choice":"Transformed","floor":2.0,"gold_loss":0.0,"damage_taken":0.0,"cards_obtained":["Finisher"]},{"cards_removed":["Defend_G"],"damage_healed":0.0,"max_hp_gain":0.0,"max_hp_loss":0.0,"gold_gain":0.0,"event_name":"Golden Wing","player_choice":"Card Removal","floor":4.0,"gold_loss":0.0,"damage_taken":7.0},{"damage_healed":0.0,"max_hp_gain":0.0,"max_hp_loss":0.0,"gold_gain":0.0,"event_name":"The Mausoleum","player_choice":"Opened","floor":19.0,"gold_loss":0.0,"damage_taken":0.0,"relics_obtained":["Happy Flower"],"cards_obtained":["Writhe"]},{"damage_healed":0.0,"max_hp_gain":0.0,"max_hp_loss":0.0,"gold_gain":200.0,"event_name":"Wheel of Change","player_choice":"Gold","floor":20.0,"gold_loss":0.0,"damage_taken":0.0},{"damage_healed":0.0,"max_hp_gain":0.0,"max_hp_loss":0.0,"gold_gain":0.0,"event_name":"Drug Dealer","player_choice":"Inject Mutagens","floor":28.0,"gold_loss":0.0,"damage_taken":0.0,"relics_obtained":["MutagenicStrength"]},{"damage_healed":0.0,"max_hp_gain":0.0,"max_hp_loss":0.0,"gold_gain":0.0,"event_name":"Colosseum","player_choice":"Fight","floor":29.0,"gold_loss":0.0,"damage_taken":0.0},{"damage_healed":0.0,"max_hp_gain":0.0,"max_hp_loss":0.0,"gold_gain":0.0,"event_name":"Colosseum","player_choice":"Fought Nobs","floor":29.0,"gold_loss":0.0,"damage_taken":0.0},{"damage_healed":0.0,"max_hp_gain":0.0,"max_hp_loss":0.0,"gold_gain":0.0,"event_name":"Tomb of Lord Red Mask","player_choice":"Ignored","floor":37.0,"gold_loss":0.0,"damage_taken":0.0},{"damage_healed":0.0,"max_hp_gain":0.0,"max_hp_loss":0.0,"gold_gain":0.0,"event_name":"SensoryStone","player_choice":"Memory 1","floor":39.0,"gold_loss":0.0,"damage_taken":0.0},{"damage_healed":0,"gold_gain":0,"player_choice":"Fight","damage_taken":0,"max_hp_gain":0,"max_hp_loss":0,"event_name":"MindBloom","floor":44,"gold_loss":0}],"is_beta":false,"boss_relics":[{"not_picked":["Sozu","Coffee Dripper"],"picked":"Calling Bell"},{"not_picked":["Ring of the Serpent","Black Star"],"picked":"Empty Cage"}],"items_purged_floors":[3,12,21,48],"is_endless":false,"potions_floor_spawned":[10,14,24,29,30,35,38,41,47],"killed_by":"Donu and Deca","ascension_level":2}