{"gold_per_floor":[217,217,217,236,253,253,253,273,273,273,273,122,92,117,117,117],"floor_reached":16,"playtime":1102,"items_purged":["Strike_G"],"score":95,"play_id":"064c5ce3-1d42-476e-a08f-7a075dca9478","local_time":"20211003091237","is_ascension_mode":true,"campfire_choices":[{"data":"Footwork","floor":6,"key":"SMITH"},{"data":"Noxious Fumes","floor":15,"key":"SMITH"}],"neow_cost":"NONE","seed_source_timestamp":9671052963079,"circlet_count":0,"master_deck":["Strike_G","Strike_G+1","Strike_G+1","Defend_G","Defend_G","Defend_G","Defend_G","Survivor","Neutralize","Footwork+1","Caltrops","Well Laid Plans","Noxious Fumes+1","Calculated Gamble"],"relics":["Ring of the Snake","FaceOfCleric","Golden Idol","Ornamental Fan","Whetstone"],"potions_floor_usage":[],"damage_taken":[{"damage":0,"enemies":"2 Louse","floor":1,"turns":3},{"damage":0,"enemies":"Small Slimes","floor":4,"turns":4},{"damage":0,"enemies":"Cultist","floor":5,"turns":4},{"damage":1,"enemies":"Exordium Wildlife","floor":8,"turns":4},{"damage":2,"enemies":"Looter","floor":13,"turns":4},{"damage":9,"enemies":"3 Louse","floor":14,"turns":4},{"damage":38,"enemies":"Slime Boss","floor":16,"turns":7}],"seed_played":"-195128529913006215","potions_obtained":[{"floor":1,"key":"BlessingOfTheForge"}],"is_trial":false,"path_per_floor":["M","?","?","M","M","R","?","M","T","?","T","$","M","M","R","B"],"character_chosen":"THE_SILENT","items_purchased":["Noxious Fumes"],"campfire_rested":0,"item_purchase_floors":[12],"current_hp_per_floor":[70,63,63,64,65,65,47,47,47,47,47,47,46,38,38,0],"gold":117,"neow_bonus":"HUNDRED_GOLD","is_prod":false,"is_daily":false,"chose_seed":false,"campfire_upgraded":2,"win_rate":0,"timestamp":1633223557,"path_taken":["M","?","?","M","?","R","?","M","T","?","?","$","M","M","R","BOSS"],"build_version":"2020-01-27","purchased_purges":1,"victory":false,"max_hp_per_floor":[70,70,70,71,72,72,72,73,73,73,73,73,74,75,75,75],"card_choices":[{"not_picked":["Well Laid Plans","Quick Slash"],"picked":"Footwork","floor":1},{"not_picked":["Tactician","Bane"],"picked":"Caltrops","floor":4},{"not_picked":["Prepared","Distraction","Flying Knee"],"picked":"SKIP","floor":5},{"not_picked":["Finisher","Underhanded Strike"],"picked":"Well Laid Plans","floor":8},{"not_picked":["Caltrops","Calculated Gamble","Outmaneuver"],"picked":"SKIP","floor":13},{"not_picked":["Deadly Poison","Deflect"],"picked":"Calculated Gamble","floor":14}],"player_experience":48815,"relics_obtained":[{"floor":9,"key":"Ornamental Fan"},{"floor":11,"key":"Whetstone"}],"event_choices":[{"cards_removed":["Strike_G"],"damage_healed":0,"gold_gain":0,"player_choice":"Card Removal","damage_taken":7,"max_hp_gain":0,"max_hp_loss":0,"event_name":"Golden Wing","floor":2,"gold_loss":0},{"damage_healed":0,"gold_gain":0,"player_choice":"Trade","damage_taken":0,"relics_obtained":["FaceOfCleric"],"max_hp_gain":0,"max_hp_loss":0,"event_name":"FaceTrader","floor":3,"gold_loss":0},{"damage_healed":0,"gold_gain":0,"player_choice":"Take Damage","damage_taken":18,"relics_obtained":["Golden Idol"],"max_hp_gain":0,"max_hp_loss":0,"event_name":"Golden Idol","floor":7,"gold_loss":0},{"cards_removed":["Defend_G"],"damage_healed":0,"gold_gain":0,"player_choice":"Forget","damage_taken":0,"max_hp_gain":0,"max_hp_loss":0,"event_name":"Living Wall","floor":10,"gold_loss":0}],"is_beta":false,"boss_relics":[],"items_purged_floors":[12],"is_endless":false,"potions_floor_spawned":[1],"killed_by":"Slime Boss","ascension_level":1}