{"gold_per_floor":[112,187,206,229,243,243,253,328,382,382,402,436,446,502,502,502],"floor_reached":16,"playtime":864,"items_purged":[],"score":117,"play_id":"f0fc66a7-f08d-4e9f-a6b4-eb0be10ecd03","local_time":"20211010000305","is_ascension_mode":true,"campfire_choices":[{"data":"Blade Dance","floor":6.0,"key":"SMITH"},{"floor":10,"key":"REST"},{"floor":15,"key":"REST"}],"neow_cost":"NONE","seed_source_timestamp":282930036430130,"circlet_count":0,"master_deck":["Strike_G","Strike_G","Strike_G","Strike_G","Strike_G","Defend_G","Defend_G","Defend_G","Defend_G","Defend_G+1","Survivor+1","Neutralize","Deflect","Blade Dance+1","Tactician","Reflex","Accuracy"],"special_seed":0,"relics":["WristBlade","Lantern","War Paint","Akabeko","Mercury Hourglass"],"potions_floor_usage":[14],"damage_taken":[{"damage":0.0,"enemies":"Small Slimes","floor":1.0,"turns":3.0},{"damage":3.0,"enemies":"Jaw Worm","floor":3.0,"turns":4.0},{"damage":10.0,"enemies":"Cultist","floor":5.0,"turns":5.0},{"damage":4.0,"enemies":"Exordium Wildlife","floor":7.0,"turns":5.0},{"damage":0,"enemies":"Red Slaver","floor":11,"turns":2},{"damage":26,"enemies":"Gremlin Nob","floor":12,"turns":5},{"damage":0,"enemies":"Blue Slaver","floor":13,"turns":2},{"damage":10,"enemies":"Gremlin Nob","floor":14,"turns":4},{"damage":45,"enemies":"The Guardian","floor":16,"turns":12}],"seed_played":"1053264798867543560","potions_obtained":[{"floor":5.0,"key":"Energy Potion"},{"floor":12,"key":"Swift Potion"}],"is_trial":false,"path_per_floor":["M","?","M","T","M","R","M","?","T","R","M","E","M","?","R","B"],"character_chosen":"THE_SILENT","items_purchased":[],"campfire_rested":2,"item_purchase_floors":[],"current_hp_per_floor":[70,59,56,56,46,46,42,35,35,56,56,30,30,20,41,0],"gold":502,"neow_bonus":"BOSS_RELIC","is_prod":false,"is_daily":false,"chose_seed":false,"campfire_upgraded":1,"win_rate":0,"timestamp":1633795385,"path_taken":["M","?","M","?","M","R","?","?","T","R","M","E","?","?","R","BOSS"],"build_version":"2020-01-27","purchased_purges":0,"victory":false,"max_hp_per_floor":[70,70,70,70,70,70,70,70,70,70,70,70,70,70,70,70],"card_choices":[{"not_picked":["Poisoned Stab","Riddle With Holes"],"picked":"Deflect","floor":1.0},{"not_picked":["Quick Slash","Dash"],"picked":"Blade Dance","floor":3.0},{"not_picked":["Dagger Throw","Dodge and Roll","Bane"],"picked":"SKIP","floor":5.0},{"not_picked":["Poisoned Stab","Blade Dance"],"picked":"Tactician","floor":7.0},{"not_picked":["Distraction","Noxious Fumes","Quick Slash"],"picked":"SKIP","floor":11},{"not_picked":["Flechettes","Slice"],"picked":"Reflex","floor":12},{"not_picked":["Bane","Distraction"],"picked":"Accuracy","floor":13}],"player_experience":122995,"relics_obtained":[{"floor":4.0,"key":"Lantern"},{"floor":9,"key":"War Paint"},{"floor":12,"key":"Akabeko"}],"event_choices":[{"damage_healed":0.0,"max_hp_gain":0.0,"max_hp_loss":0.0,"gold_gain":75.0,"event_name":"World of Goop","player_choice":"Gather Gold","floor":2.0,"gold_loss":0.0,"damage_taken":11.0},{"damage_healed":0,"gold_gain":75,"player_choice":"Touch","damage_taken":7,"max_hp_gain":0,"max_hp_loss":0,"event_name":"FaceTrader","floor":8,"gold_loss":0},{"damage_healed":0,"gold_gain":0,"player_choice":"Searched \u00272\u0027 times","damage_taken":0,"relics_obtained":["Mercury Hourglass"],"max_hp_gain":0,"max_hp_loss":0,"event_name":"Dead Adventurer","floor":14,"gold_loss":0}],"is_beta":false,"boss_relics":[],"items_purged_floors":[],"is_endless":false,"potions_floor_spawned":[5,12],"killed_by":"The Guardian","ascension_level":3}