{"gold_per_floor":[110,110,35,35,45,56,56,69,69,33,33,44,76,91,91,191,241,257,257,287,299,315,315,335,34,34,34,34,44,44,63,63,158,158,169,69,69,69,69,88,100,100,127,142,162,173,173,187,187,187],"floor_reached":50,"playtime":4039,"items_purged":["Regret","Pain"],"score":498,"play_id":"c5367d92-d960-48a9-ac01-d867d009602c","local_time":"20211002224752","is_ascension_mode":false,"campfire_choices":[{"data":"Eruption","floor":7.0,"key":"SMITH"},{"data":"FlyingSleeves","floor":11.0,"key":"SMITH"},{"data":"Ragnarok","floor":15,"key":"SMITH"},{"data":"Devotion","floor":23,"key":"SMITH"},{"data":"Strike_P","floor":27,"key":"PURGE"},{"floor":32,"key":"REST"},{"data":"Defend_P","floor":42,"key":"PURGE"},{"floor":47,"key":"REST"},{"floor":49,"key":"REST"}],"neow_cost":"NONE","seed_source_timestamp":0,"circlet_count":0,"master_deck":["Strike_P","Strike_P","Strike_P","Defend_P","Defend_P+1","Eruption+1","Vigilance","Ragnarok+1","FlyingSleeves+1","Crescendo","EmptyBody","LikeWater","EmptyFist","Devotion+1","Pray","Consecrate","ReachHeaven","FearNoEvil+1","ClearTheMind","DeusExMachina","CurseOfTheBell","Thinking Ahead","BattleHymn+1","Study+1"],"special_seed":0,"relics":["PureWater","Incense Burner","FaceOfCleric","Bottled Flame","Letter Opener","Tiny House","Red Mask","Peace Pipe","HornCleat","WarpedTongs","Calling Bell","Strawberry","Kunai","StoneCalendar","Darkstone Periapt","Vajra"],"potions_floor_usage":[16,20,33,33,33,44,50,50,50],"damage_taken":[{"damage":0.0,"enemies":"2 Louse","floor":1.0,"turns":2.0},{"damage":3.0,"enemies":"Jaw Worm","floor":5.0,"turns":3.0},{"damage":1.0,"enemies":"Cultist","floor":6.0,"turns":3.0},{"damage":4.0,"enemies":"3 Louse","floor":8.0,"turns":2.0},{"damage":0,"enemies":"Looter","floor":12,"turns":2},{"damage":7,"enemies":"Gremlin Nob","floor":13,"turns":4},{"damage":1,"enemies":"Lots of Slimes","floor":14,"turns":2},{"damage":24,"enemies":"The Guardian","floor":16,"turns":8},{"damage":17,"enemies":"3 Byrds","floor":18,"turns":6},{"damage":35,"enemies":"Masked Bandits","floor":20,"turns":4},{"damage":8,"enemies":"Shell Parasite","floor":21,"turns":4},{"damage":1,"enemies":"Chosen and Byrds","floor":22,"turns":5},{"damage":3,"enemies":"Snecko","floor":24,"turns":3},{"damage":8,"enemies":"Snake Plant","floor":29,"turns":2},{"damage":12,"enemies":"Shelled Parasite and Fungi","floor":31,"turns":3},{"damage":19,"enemies":"Collector","floor":33,"turns":8},{"damage":29,"enemies":"3 Shapes","floor":35,"turns":4},{"damage":2,"enemies":"Orb Walker","floor":40,"turns":2},{"damage":19,"enemies":"3 Darklings","floor":41,"turns":4},{"damage":14,"enemies":"Jaw Worm Horde","floor":44,"turns":2},{"damage":1,"enemies":"Transient","floor":45,"turns":5},{"damage":37,"enemies":"Maw","floor":46,"turns":7},{"damage":11,"enemies":"Sphere and 2 Shapes","floor":48,"turns":4},{"damage":57,"enemies":"Donu and Deca","floor":50,"turns":5}],"seed_played":"-6097160657922748530","potions_obtained":[{"floor":6.0,"key":"PowerPotion"},{"floor":8.0,"key":"AttackPotion"},{"floor":12,"key":"Strength Potion"},{"floor":17,"key":"Explosive Potion"},{"floor":24,"key":"AttackPotion"},{"floor":28,"key":"Dexterity Potion"},{"floor":31,"key":"Strength Potion"},{"floor":33,"key":"EssenceOfSteel"},{"floor":40,"key":"SteroidPotion"},{"floor":41,"key":"DuplicationPotion"},{"floor":46,"key":"Swift Potion"}],"is_trial":false,"path_per_floor":["M","?","$","?","M","M","R","M","T","$","R","M","E","M","R","B",null,"M","?","?","M","M","R","M","$","T","R","?","M","?","M","R","B",null,"M","$","?","?","T","M","M","R","T","M","M","M","R","M","R","B"],"character_chosen":"WATCHER","items_purchased":["LikeWater","Peace Pipe"],"campfire_rested":3,"item_purchase_floors":[10,25],"current_hp_per_floor":[72,72,72,72,70,70,70,67,67,67,67,68,62,62,62,39,84,68,68,34,27,27,27,25,25,25,25,25,18,18,7,34,16,99,71,71,71,71,71,70,52,52,52,39,39,3,34,24,55,0],"gold":187,"neow_bonus":"ONE_RANDOM_RARE_CARD","is_prod":false,"is_daily":false,"chose_seed":false,"campfire_upgraded":4,"win_rate":0.0,"timestamp":1633186072,"path_taken":["M","?","$","?","M","M","R","M","T","$","R","M","E","M","R","BOSS","M","?","?","M","M","R","M","$","T","R","?","?","?","M","R","BOSS","M","?","?","?","?","M","M","R","T","?","M","M","R","M","R","BOSS"],"build_version":"2020-01-27","purchased_purges":2,"victory":false,"max_hp_per_floor":[72,72,72,72,73,74,74,75,75,75,75,76,77,78,78,79,84,85,85,86,87,88,88,89,89,89,89,89,90,90,91,91,92,99,100,100,100,100,100,101,102,102,102,103,104,105,105,106,106,106],"card_choices":[{"not_picked":["Halt","SashWhip"],"picked":"FlyingSleeves","floor":1.0},{"not_picked":["FlurryOfBlows","SashWhip","Wallop"],"picked":"SKIP","floor":5.0},{"not_picked":["ClearTheMind","EmptyBody"],"picked":"Crescendo","floor":6.0},{"not_picked":["BowlingBash","FlurryOfBlows"],"picked":"EmptyBody","floor":8.0},{"not_picked":["Protect","SashWhip"],"picked":"EmptyFist","floor":12},{"not_picked":["SashWhip","Swivel","Crescendo"],"picked":"SKIP","floor":13},{"not_picked":["Fasting2","LikeWater","SashWhip"],"picked":"SKIP","floor":14},{"not_picked":["MasterReality","Omniscience"],"picked":"Devotion","floor":16},{"not_picked":["Halt","Swivel"],"picked":"Pray","floor":17},{"not_picked":["CutThroughFate","EmptyFist","CrushJoints"],"picked":"SKIP","floor":18},{"not_picked":["Crescendo","CrushJoints"],"picked":"ReachHeaven","floor":20},{"not_picked":["BowlingBash+1","Protect+1"],"picked":"FearNoEvil+1","floor":21},{"not_picked":["FlyingSleeves","SashWhip"],"picked":"ClearTheMind","floor":22},{"not_picked":["Nirvana+1","Evaluate","ClearTheMind"],"picked":"SKIP","floor":24},{"not_picked":["FlurryOfBlows+1","Protect","Halt"],"picked":"SKIP","floor":29},{"not_picked":["DeceiveReality","LikeWater","Worship+1"],"picked":"SKIP","floor":31},{"not_picked":["ConjureBlade","Ragnarok"],"picked":"DeusExMachina","floor":33},{"not_picked":["Conclude","CutThroughFate+1","WaveOfTheHand+1"],"picked":"SKIP","floor":35},{"not_picked":["Bandage Up","Discovery"],"picked":"Thinking Ahead","floor":38},{"not_picked":["Consecrate","ClearTheMind+1"],"picked":"BattleHymn+1","floor":40},{"not_picked":["Crescendo+1","Swivel+1","ClearTheMind+1"],"picked":"SKIP","floor":41},{"not_picked":["Crescendo+1","FlyingSleeves"],"picked":"Study+1","floor":44},{"not_picked":["Evaluate","ClearTheMind+1","Crescendo"],"picked":"SKIP","floor":45},{"not_picked":["WheelKick","Wallop","ThirdEye"],"picked":"SKIP","floor":46},{"not_picked":["Fasting2","SignatureMove","Blasphemy"],"picked":"SKIP","floor":48}],"player_experience":41328,"relics_obtained":[{"floor":9.0,"key":"Bottled Flame"},{"floor":13,"key":"Letter Opener"},{"floor":20,"key":"Red Mask"},{"floor":26,"key":"HornCleat"},{"floor":34,"key":"Strawberry"},{"floor":34,"key":"Kunai"},{"floor":34,"key":"StoneCalendar"},{"floor":39,"key":"Darkstone Periapt"},{"floor":43,"key":"Vajra"}],"event_choices":[{"damage_healed":0.0,"max_hp_gain":0.0,"max_hp_loss":0.0,"gold_gain":0.0,"event_name":"Big Fish","player_choice":"Box","floor":2.0,"gold_loss":0.0,"damage_taken":0.0,"relics_obtained":["Incense Burner"],"cards_obtained":["Regret"]},{"damage_healed":0.0,"max_hp_gain":0.0,"max_hp_loss":0.0,"gold_gain":0.0,"event_name":"FaceTrader","player_choice":"Trade","floor":4.0,"gold_loss":0.0,"damage_taken":0.0,"relics_obtained":["FaceOfCleric"]},{"damage_healed":0,"gold_gain":0,"player_choice":"Read","damage_taken":0,"max_hp_gain":0,"max_hp_loss":0,"event_name":"The Library","floor":19,"gold_loss":0,"cards_obtained":["Consecrate"]},{"damage_healed":0,"gold_gain":0,"player_choice":"Fought Bandits","damage_taken":0,"max_hp_gain":0,"max_hp_loss":0,"event_name":"Masked Bandits","floor":20,"gold_loss":0},{"damage_healed":0,"gold_gain":0,"player_choice":"Got Potions","damage_taken":0,"max_hp_gain":0,"max_hp_loss":0,"event_name":"Lab","floor":28,"gold_loss":0},{"damage_healed":0,"gold_gain":0,"player_choice":"Rummage","damage_taken":0,"relics_obtained":["WarpedTongs"],"max_hp_gain":0,"max_hp_loss":0,"event_name":"Accursed Blacksmith","floor":30,"gold_loss":0,"cards_obtained":["Pain"]},{"cards_removed":["Defend_P"],"damage_healed":0,"gold_gain":0,"player_choice":"Removed Skill","damage_taken":0,"max_hp_gain":0,"max_hp_loss":0,"event_name":"Falling","floor":37,"gold_loss":0},{"damage_healed":0,"gold_gain":0,"player_choice":"Memory 1","damage_taken":0,"max_hp_gain":0,"max_hp_loss":0,"event_name":"SensoryStone","floor":38,"gold_loss":0}],"is_beta":false,"boss_relics":[{"not_picked":["Busted Crown","Velvet Choker"],"picked":"Tiny House"},{"not_picked":["Black Star","Coffee Dripper"],"picked":"Calling Bell"}],"items_purged_floors":[3,36],"is_endless":false,"potions_floor_spawned":[6,8,12,24,31,33,40,41,46],"killed_by":"Donu and Deca","ascension_level":0}