{"gold_per_floor":[117,117,135,60,60,60,85,85,85,116,191,229,253,59,59,188,188,203,13,13,28,42,42,42,67,67,88,88,113,132,7,7,137,137,153,153,3,3,21,36,56,56,56,56,77,97,97,175,175,175],"floor_reached":51,"playtime":3448,"items_purged":["Defend_P","Strike_P","Defend_P","Strike_P"],"score":809,"play_id":"50ef41d1-044d-475f-b005-0d8fb2605c72","local_time":"20211002235709","is_ascension_mode":false,"campfire_choices":[{"data":"Consecrate","floor":6.0,"key":"SMITH"},{"data":"LikeWater","floor":8.0,"key":"SMITH"},{"floor":15.0,"key":"REST"},{"data":"Apotheosis","floor":23.0,"key":"SMITH"},{"floor":28.0,"key":"REST"},{"floor":32.0,"key":"REST"},{"floor":42.0,"key":"REST"},{"data":"Devotion","floor":44.0,"key":"SMITH"},{"floor":49.0,"key":"REST"}],"neow_cost":"NONE","seed_source_timestamp":3710514523799,"circlet_count":0,"master_deck":["Defend_P","Eruption","Vigilance","ReachHeaven","Study+1","Consecrate+1","LikeWater+1","Brilliance","Devotion+1","Vengeance","BattleHymn","ClearTheMind","Scrawl","Apotheosis+1","Perseverance","ThirdEye+1","DeusExMachina+1"],"special_seed":0,"relics":["PureWater","Golden Idol","Nunchaku","Happy Flower","Damaru","Empty Cage","TungstenRod","PreservedInsect","CaptainsWheel","Sozu","Regal Pillow","Kunai"],"potions_floor_usage":[50,50],"damage_taken":[{"damage":0.0,"enemies":"Small Slimes","floor":1.0,"turns":2.0},{"damage":6.0,"enemies":"Jaw Worm","floor":3.0,"turns":2.0},{"damage":0.0,"enemies":"Cultist","floor":7.0,"turns":3.0},{"damage":3.0,"enemies":"Lagavulin","floor":10.0,"turns":4.0},{"damage":0.0,"enemies":"3 Sentries","floor":12.0,"turns":2.0},{"damage":9.0,"enemies":"Blue Slaver","floor":13.0,"turns":3.0},{"damage":0.0,"enemies":"Slime Boss","floor":16.0,"turns":4.0},{"damage":18.0,"enemies":"3 Byrds","floor":18.0,"turns":5.0},{"damage":23.0,"enemies":"2 Thieves","floor":21.0,"turns":3.0},{"damage":4.0,"enemies":"Snecko","floor":22.0,"turns":4.0},{"damage":0.0,"enemies":"Snake Plant","floor":25.0,"turns":4.0},{"damage":0.0,"enemies":"Cultist and Chosen","floor":27.0,"turns":3.0},{"damage":9.0,"enemies":"Shelled Parasite and Fungi","floor":29.0,"turns":3.0},{"damage":7.0,"enemies":"Centurion and Healer","floor":30.0,"turns":3.0},{"damage":10.0,"enemies":"Collector","floor":33.0,"turns":4.0},{"damage":4.0,"enemies":"Orb Walker","floor":35.0,"turns":4.0},{"damage":0.0,"enemies":"3 Darklings","floor":39.0,"turns":2.0},{"damage":19.0,"enemies":"4 Shapes","floor":40.0,"turns":4.0},{"damage":31.0,"enemies":"Jaw Worm Horde","floor":41.0,"turns":3.0},{"damage":2.0,"enemies":"Maw","floor":45.0,"turns":4.0},{"damage":8.0,"enemies":"3 Darklings","floor":46.0,"turns":3.0},{"damage":24,"enemies":"Time Eater","floor":50,"turns":7}],"seed_played":"-5959312839669679011","potions_obtained":[{"floor":1.0,"key":"EntropicBrew"},{"floor":7.0,"key":"BlessingOfTheForge"},{"floor":13.0,"key":"BlessingOfTheForge"},{"floor":16.0,"key":"Dexterity Potion"},{"floor":18.0,"key":"SmokeBomb"},{"floor":25.0,"key":"FearPotion"},{"floor":27.0,"key":"SkillPotion"},{"floor":30.0,"key":"Explosive Potion"}],"is_trial":false,"path_per_floor":["M","?","M","$","?","R","M","R","T","E","?","E","M","$","R","B",null,"M","$","?","M","M","R","?","M","T","M","R","M","M","$","R","B",null,"M","?","$","?","M","M","M","R","T","R","M","M","?","T","R","B",null],"character_chosen":"WATCHER","items_purchased":["BattleHymn","ClearTheMind","Apotheosis"],"campfire_rested":5,"item_purchase_floors":[14,14,19],"current_hp_per_floor":[72,54,48,48,48,48,48,48,48,45,34,34,25,25,46,46,72,54,54,54,31,27,27,27,27,27,27,48,39,32,32,53,43,72,68,68,68,68,68,49,18,39,39,39,37,29,29,29,65,41],"gold":175,"neow_bonus":"TRANSFORM_CARD","is_prod":false,"is_daily":false,"chose_seed":false,"campfire_upgraded":4,"win_rate":0.0,"timestamp":1633190229,"path_taken":["M","?","M","$","?","R","?","R","T","E","?","E","M","?","R","BOSS","M","$","?","M","M","R","?","M","T","M","R","?","M","$","R","BOSS","M","?","$","?","?","M","M","R","T","R","M","M","?","?","R","BOSS"],"build_version":"2020-01-27","purchased_purges":4,"victory":true,"max_hp_per_floor":[72,72,72,72,72,72,72,72,72,72,72,72,72,72,72,72,72,72,72,72,72,72,72,72,72,72,72,72,72,72,72,72,72,72,72,72,72,72,72,72,72,72,72,72,72,72,72,72,72,72],"card_choices":[{"not_picked":["ReachHeaven","CrushJoints"],"picked":"Study","floor":1.0},{"not_picked":["EmptyBody","FearNoEvil"],"picked":"Consecrate","floor":3.0},{"not_picked":["Protect","CarveReality"],"picked":"LikeWater","floor":7.0},{"not_picked":["Vengeance","SashWhip"],"picked":"Brilliance","floor":10.0},{"not_picked":["Wallop","Weave"],"picked":"Devotion","floor":12.0},{"not_picked":["BowlingBash","CutThroughFate"],"picked":"Vengeance","floor":13.0},{"not_picked":["Judgement","Devotion"],"picked":"Scrawl","floor":16.0},{"not_picked":["Prostrate","BowlingBash","CutThroughFate"],"picked":"SKIP","floor":18.0},{"not_picked":["Scrawl","Collect","Halt+1"],"picked":"SKIP","floor":21.0},{"not_picked":["Study","Vengeance","DeceiveReality"],"picked":"SKIP","floor":22.0},{"not_picked":["Pray","Adaptation","SashWhip"],"picked":"SKIP","floor":25.0},{"not_picked":["Evaluate","Protect"],"picked":"Perseverance","floor":27.0},{"not_picked":["Halt+1","Conclude+1","FlurryOfBlows"],"picked":"SKIP","floor":29.0},{"not_picked":["InnerPeace","Fasting2"],"picked":"ThirdEye+1","floor":30.0},{"not_picked":["Vault","ConjureBlade"],"picked":"DeusExMachina","floor":33.0},{"not_picked":["ClearTheMind+1","SandsOfTime","DeceiveReality"],"picked":"SKIP","floor":35.0},{"not_picked":["SashWhip","Fasting2+1","Swivel"],"picked":"SKIP","floor":39.0},{"not_picked":["SashWhip","Fasting2+1","Swivel"],"picked":"SKIP","floor":39.0},{"not_picked":["SashWhip","Weave+1","Meditate"],"picked":"SKIP","floor":40.0},{"not_picked":["Consecrate","FlyingSleeves+1","Protect"],"picked":"SKIP","floor":41.0},{"not_picked":["JustLucky","CrushJoints+1","Vengeance"],"picked":"SKIP","floor":45.0},{"not_picked":["ReachHeaven","Worship","Halt+1"],"picked":"SKIP","floor":46.0}],"player_experience":45367,"relics_obtained":[{"floor":9.0,"key":"Nunchaku"},{"floor":10.0,"key":"Happy Flower"},{"floor":12.0,"key":"Damaru"},{"floor":26.0,"key":"CaptainsWheel"},{"floor":43.0,"key":"Regal Pillow"},{"floor":48.0,"key":"Kunai"}],"event_choices":[{"damage_healed":0.0,"max_hp_gain":0.0,"max_hp_loss":0.0,"gold_gain":0.0,"event_name":"Golden Idol","player_choice":"Take Damage","floor":2.0,"gold_loss":0.0,"damage_taken":18.0,"relics_obtained":["Golden Idol"]},{"damage_healed":0.0,"max_hp_gain":0.0,"max_hp_loss":0.0,"gold_gain":0.0,"event_name":"Upgrade Shrine","player_choice":"Upgraded","floor":5.0,"gold_loss":0.0,"damage_taken":0.0,"cards_upgraded":["Study"]},{"damage_healed":0.0,"max_hp_gain":0.0,"max_hp_loss":0.0,"gold_gain":75.0,"event_name":"World of Goop","player_choice":"Gather Gold","floor":11.0,"gold_loss":0.0,"damage_taken":11.0},{"damage_healed":0.0,"max_hp_gain":0.0,"max_hp_loss":0.0,"gold_gain":0.0,"event_name":"The Mausoleum","player_choice":"Opened","floor":20.0,"gold_loss":0.0,"damage_taken":0.0,"relics_obtained":["TungstenRod"]},{"damage_healed":0.0,"max_hp_gain":0.0,"max_hp_loss":0.0,"gold_gain":0.0,"event_name":"WeMeetAgain","player_choice":"Gave Potion","floor":24.0,"gold_loss":0.0,"damage_taken":0.0,"relics_obtained":["PreservedInsect"]},{"damage_healed":0.0,"max_hp_gain":0.0,"max_hp_loss":0.0,"gold_gain":0.0,"event_name":"Tomb of Lord Red Mask","player_choice":"Ignored","floor":36.0,"gold_loss":0.0,"damage_taken":0.0},{"damage_healed":0.0,"max_hp_gain":0.0,"max_hp_loss":0.0,"gold_gain":0.0,"event_name":"Upgrade Shrine","player_choice":"Upgraded","floor":38.0,"gold_loss":0.0,"damage_taken":0.0,"cards_upgraded":["DeusExMachina"]},{"damage_healed":0.0,"max_hp_gain":0.0,"max_hp_loss":0.0,"gold_gain":0.0,"event_name":"SensoryStone","player_choice":"Memory 1","floor":47.0,"gold_loss":0.0,"damage_taken":0.0}],"is_beta":false,"boss_relics":[{"not_picked":["Fusion Hammer","Ectoplasm"],"picked":"Empty Cage"},{"not_picked":["VioletLotus","SacredBark"],"picked":"Sozu"}],"items_purged_floors":[4,14,31,37],"is_endless":false,"potions_floor_spawned":[1,7,13,16,18,25,27,30,40,41,45],"ascension_level":0}