{"gold_per_floor":[112,126,141,30,49,49,69,69,69,2,2,31,31,31,31,136,136,179,179,205,60,60,85,85,117,144,144,159,159,189,209,209,330,330,340,415,415,315,355,412,144,144,144,178,40,104,115,129,129,129],"floor_reached":51,"playtime":3466,"items_purged":["Defend_P","MentalFortress","WindmillStrike","EmptyBody"],"score":1304,"play_id":"e95f4fa7-feb8-40ac-bef5-58d47989a48a","local_time":"20211024175243","is_ascension_mode":true,"campfire_choices":[{"data":"Eruption","floor":6.0,"key":"SMITH"},{"data":"Wallop","floor":8.0,"key":"SMITH"},{"data":"Vault","floor":15.0,"key":"SMITH"},{"data":"Omniscience","floor":29.0,"key":"SMITH"},{"data":"Adaptation","floor":32.0,"key":"SMITH"},{"data":"Omniscience","floor":42.0,"key":"SMITH"},{"data":"Wish","floor":49.0,"key":"SMITH"}],"neow_cost":"NONE","seed_source_timestamp":0,"circlet_count":0,"master_deck":["AscendersBane","Eruption+1","Vigilance+1","Pray","Halt","Wallop+1","TalkToTheHand+1","Vault+1","Study","Brilliance","Wish+1","Omniscience+1","Sanctity","Vengeance+1","Indignation","Adaptation+1","EmptyFist","Tantrum","Ghostly","Ghostly","Ghostly","Ghostly","Ghostly","Pray+1","Prostrate","Perseverance","TalkToTheHand","Omniscience+1","Wallop+1","Omniscience"],"special_seed":0,"relics":["PureWater","MealTicket","White Beast Statue","Mercury Hourglass","Pandora\u0027s Box","Red Mask","Damaru","War Paint","Bottled Flame","Bag of Preparation","HornCleat","WingedGreaves","Cursed Key","FossilizedHelix","Happy Flower","PrismaticShard","MawBank"],"potions_floor_usage":[50,50],"damage_taken":[{"damage":3.0,"enemies":"Jaw Worm","floor":1.0,"turns":5.0},{"damage":10.0,"enemies":"2 Louse","floor":2.0,"turns":2.0},{"damage":1.0,"enemies":"Cultist","floor":3.0,"turns":3.0},{"damage":0.0,"enemies":"Large Slime","floor":5.0,"turns":4.0},{"damage":0.0,"enemies":"2 Fungi Beasts","floor":7.0,"turns":3.0},{"damage":29.0,"enemies":"Gremlin Nob","floor":12.0,"turns":5.0},{"damage":52.0,"enemies":"The Guardian","floor":16.0,"turns":8.0},{"damage":21.0,"enemies":"Spheric Guardian","floor":18.0,"turns":6.0},{"damage":3.0,"enemies":"Masked Bandits","floor":20.0,"turns":5.0},{"damage":6.0,"enemies":"Book of Stabbing","floor":23.0,"turns":6.0},{"damage":2.0,"enemies":"Gremlin Leader","floor":25.0,"turns":5.0},{"damage":2.0,"enemies":"Chosen","floor":28.0,"turns":4.0},{"damage":2.0,"enemies":"Book of Stabbing","floor":30.0,"turns":5.0},{"damage":1.0,"enemies":"Snake Plant","floor":31.0,"turns":6.0},{"damage":5.0,"enemies":"Champ","floor":33.0,"turns":11.0},{"damage":0.0,"enemies":"3 Darklings","floor":35.0,"turns":5.0},{"damage":0.0,"enemies":"Mind Bloom Boss Battle","floor":36.0,"turns":6.0},{"damage":0.0,"enemies":"3 Shapes","floor":39.0,"turns":5.0},{"damage":0.0,"enemies":"Nemesis","floor":40.0,"turns":8.0},{"damage":0.0,"enemies":"Reptomancer","floor":44.0,"turns":6.0},{"damage":0.0,"enemies":"Jaw Worm Horde","floor":46.0,"turns":6.0},{"damage":0.0,"enemies":"Spire Growth","floor":47.0,"turns":5.0},{"damage":0.0,"enemies":"Transient","floor":48.0,"turns":6.0},{"damage":0,"enemies":"Awakened One","floor":50,"turns":10}],"seed_played":"2559282048162243144","potions_obtained":[{"floor":3.0,"key":"Weak Potion"},{"floor":5.0,"key":"SkillPotion"},{"floor":7.0,"key":"ColorlessPotion"},{"floor":12.0,"key":"StancePotion"},{"floor":13.0,"key":"Fruit Juice"},{"floor":13.0,"key":"PowerPotion"},{"floor":16.0,"key":"Energy Potion"},{"floor":18.0,"key":"LiquidMemories"},{"floor":20.0,"key":"BlessingOfTheForge"},{"floor":33.0,"key":"Weak Potion"},{"floor":48.0,"key":"DuplicationPotion"}],"is_trial":false,"path_per_floor":["M","M","M","$","M","R","M","R","T","$","?","E","?","$","R","B",null,"M","$","?","$","?","E","?","E","T","T","M","R","E","M","R","B",null,"M","?","?","$","M","E","$","R","T","E","$","M","M","M","R","B",null],"character_chosen":"WATCHER","items_purchased":["TalkToTheHand","Vault","Damaru","PrismaticShard"],"campfire_rested":0,"item_purchase_floors":[4,10,21,41],"current_hp_per_floor":[62,52,51,66,66,66,66,66,66,72,77,48,53,68,68,16,66,45,60,57,72,72,66,41,39,39,39,37,37,35,34,34,29,38,38,38,38,41,41,41,41,41,41,41,41,41,41,41,41,41],"gold":129,"neow_bonus":"RANDOM_COMMON_RELIC","is_prod":false,"is_daily":false,"chose_seed":false,"campfire_upgraded":7,"win_rate":0,"timestamp":1635069163,"path_taken":["M","M","M","$","M","R","M","R","T","$","?","E","?","$","R","BOSS","M","$","?","$","?","E","?","E","T","?","?","R","E","M","R","BOSS","M","?","?","$","M","E","$","R","T","E","$","M","?","M","R","BOSS"],"build_version":"2020-12-13","purchased_purges":4,"victory":true,"max_hp_per_floor":[72,72,72,72,72,72,72,72,72,72,77,77,82,82,82,82,82,82,82,82,82,82,82,41,41,41,41,41,41,41,41,41,41,41,41,41,41,41,41,41,41,41,41,41,41,41,41,41,41,41],"card_choices":[{"not_picked":["SashWhip","PathToVictory"],"picked":"Pray","floor":1.0},{"not_picked":["Nirvana","ThirdEye"],"picked":"Halt","floor":2.0},{"not_picked":["Consecrate","Halt"],"picked":"Wallop","floor":3.0},{"not_picked":["Halt","Conclude"],"picked":"EmptyBody","floor":5.0},{"not_picked":["MasterReality","Evaluate","Pray"],"picked":"SKIP","floor":7.0},{"not_picked":["Prostrate","SashWhip"],"picked":"Study","floor":12.0},{"not_picked":["LessonLearned","SpiritShield"],"picked":"Brilliance","floor":16.0},{"not_picked":["ForeignInfluence+1","DeceiveReality"],"picked":"Adaptation","floor":18.0},{"not_picked":["CutThroughFate","Swivel"],"picked":"EmptyFist","floor":20.0},{"not_picked":["SandsOfTime+1","Tantrum","ThirdEye+1"],"picked":"SKIP","floor":23.0},{"not_picked":["Fasting2+1","WreathOfFlame"],"picked":"Pray+1","floor":25.0},{"not_picked":["Protect","PathToVictory"],"picked":"Prostrate","floor":28.0},{"not_picked":["Evaluate","Protect"],"picked":"Perseverance","floor":30.0},{"not_picked":["Tantrum+1","ThirdEye"],"picked":"TalkToTheHand","floor":31.0},{"not_picked":["Establishment","Vault"],"picked":"Omniscience","floor":33.0},{"not_picked":["FlurryOfBlows","CutThroughFate+1","Weave"],"picked":"SKIP","floor":35.0},{"not_picked":["LikeWater","EmptyFist"],"picked":"Wallop+1","floor":36.0},{"not_picked":["ThirdEye","FlyingSleeves","LikeWater"],"picked":"SKIP","floor":39.0},{"not_picked":["ThirdEye","FlyingSleeves","LikeWater"],"picked":"SKIP","floor":39.0},{"not_picked":["Halt+1","FlyingSleeves","EmptyBody"],"picked":"SKIP","floor":40.0},{"not_picked":["Melter+1","Shrug It Off","Forethought+1"],"picked":"SKIP","floor":44.0},{"not_picked":["Redo+1","Leap"],"picked":"Omniscience","floor":46.0},{"not_picked":["Rip and Tear","MentalFortress","Rebound"],"picked":"SKIP","floor":47.0},{"not_picked":["Go for the Eyes","Scrape","True Grit"],"picked":"SKIP","floor":48.0}],"player_experience":183360,"relics_obtained":[{"floor":9.0,"key":"White Beast Statue"},{"floor":12.0,"key":"Mercury Hourglass"},{"floor":20.0,"key":"Red Mask"},{"floor":23.0,"key":"War Paint"},{"floor":25.0,"key":"Bottled Flame"},{"floor":26.0,"key":"Bag of Preparation"},{"floor":27.0,"key":"HornCleat"},{"floor":30.0,"key":"WingedGreaves"},{"floor":36.0,"key":"FossilizedHelix"},{"floor":40.0,"key":"Happy Flower"},{"floor":44.0,"key":"MawBank"}],"event_choices":[{"damage_healed":0.0,"max_hp_gain":5.0,"max_hp_loss":0.0,"gold_gain":0.0,"event_name":"Big Fish","player_choice":"Donut","floor":11.0,"gold_loss":0.0,"damage_taken":0.0},{"damage_healed":0.0,"max_hp_gain":0.0,"max_hp_loss":0.0,"gold_gain":0.0,"event_name":"Lab","player_choice":"Got Potions","floor":13.0,"gold_loss":0.0,"damage_taken":0.0},{"damage_healed":0.0,"max_hp_gain":0.0,"max_hp_loss":0.0,"gold_gain":0.0,"event_name":"Masked Bandits","player_choice":"Fought Bandits","floor":20.0,"gold_loss":0.0,"damage_taken":0.0},{"damage_healed":0.0,"max_hp_gain":0.0,"max_hp_loss":0.0,"gold_gain":0.0,"event_name":"The Library","player_choice":"Read","floor":22.0,"gold_loss":0.0,"damage_taken":0.0,"cards_obtained":["Tantrum"]},{"damage_healed":0.0,"max_hp_gain":0.0,"max_hp_loss":41.0,"gold_gain":0.0,"event_name":"Ghosts","player_choice":"Became a Ghost","floor":24.0,"gold_loss":0.0,"damage_taken":0.0,"cards_obtained":["Ghostly","Ghostly","Ghostly","Ghostly","Ghostly"]},{"damage_healed":0.0,"max_hp_gain":0.0,"max_hp_loss":0.0,"gold_gain":0.0,"event_name":"MindBloom","player_choice":"Fight","floor":36.0,"gold_loss":0.0,"damage_taken":0.0},{"damage_healed":0.0,"max_hp_gain":0.0,"max_hp_loss":0.0,"gold_gain":0.0,"event_name":"Upgrade Shrine","player_choice":"Upgraded","floor":37.0,"gold_loss":0.0,"damage_taken":0.0,"cards_upgraded":["TalkToTheHand"]}],"is_beta":false,"boss_relics":[{"not_picked":["Velvet Choker","VioletLotus"],"picked":"Pandora\u0027s Box"},{"not_picked":["HolyWater","Calling Bell"],"picked":"Cursed Key"}],"items_purged_floors":[4,38,41,45],"is_endless":false,"potions_floor_spawned":[3,5,7,12,16,18,20,23,25,28,30,31,33,35,36,39,40,44,46,47,48],"ascension_level":10}