{"gold_per_floor":[115,40,40,52,52,82,82,122,122,145,145,165,205,242,242,324,333,355,378,235,235,259,295,295,338,385,410,60,104,104,121,121,207,207,218,93,110,94,94,94,108,108,131,158,158,158,124,156,156,156,156],"floor_reached":52,"playtime":2249,"items_purged":["Regret","Defend_P","Defend_P"],"score":2068,"play_id":"ec468d61-2641-459a-b998-5e096510fd00","local_time":"20211101000610","is_ascension_mode":true,"campfire_choices":[{"data":"Eruption","floor":7.0,"key":"SMITH"},{"floor":11.0,"key":"REST"},{"data":"Fasting2","floor":15.0,"key":"SMITH"},{"floor":24.0,"key":"REST"},{"floor":30.0,"key":"REST"},{"data":"Strike_P","floor":32.0,"key":"PURGE"},{"data":"Ragnarok","floor":40.0,"key":"SMITH"},{"data":"Strike_P","floor":42.0,"key":"PURGE"},{"data":"Strike_P","floor":46.0,"key":"PURGE"},{"data":"TalkToTheHand","floor":49.0,"key":"SMITH"}],"neow_cost":"NONE","seed_source_timestamp":5653388286180,"circlet_count":0,"master_deck":["AscendersBane","Eruption+1","Vigilance","Sanctity","BowlingBash","TalkToTheHand+1","Consecrate","SandsOfTime","ThirdEye","Fasting2+1","LikeWater","Ragnarok+1","CurseOfTheBell","FlurryOfBlows","Crescendo","Study","Tantrum","BattleHymn","Scrawl","EmptyFist","FearNoEvil+1","Ragnarok+1","DevaForm","Halt","Adaptation"],"special_seed":0,"relics":["PureWater","NeowsBlessing","Mummified Hand","StrikeDummy","CeramicFish","Bag of Marbles","PreservedInsect","Odd Mushroom","Calling Bell","MealTicket","Meat on the Bone","StoneCalendar","InkBottle","Lizard Tail","Ancient Tea Set","OrangePellets","Peace Pipe","Coffee Dripper","Strawberry","Whetstone","Ice Cream"],"potions_floor_usage":[51],"damage_taken":[{"damage":0.0,"enemies":"Small Slimes","floor":1.0,"turns":1.0},{"damage":0.0,"enemies":"Jaw Worm","floor":4.0,"turns":1.0},{"damage":0.0,"enemies":"Gremlin Nob","floor":6.0,"turns":1.0},{"damage":26.0,"enemies":"Lagavulin","floor":8.0,"turns":4.0},{"damage":0.0,"enemies":"2 Louse","floor":10.0,"turns":2.0},{"damage":1.0,"enemies":"Exordium Wildlife","floor":12.0,"turns":2.0},{"damage":11.0,"enemies":"Gremlin Nob","floor":13.0,"turns":3.0},{"damage":4.0,"enemies":"The Mushroom Lair","floor":14.0,"turns":3.0},{"damage":37.0,"enemies":"Slime Boss","floor":16.0,"turns":4.0},{"damage":0.0,"enemies":"Spheric Guardian","floor":18.0,"turns":1.0},{"damage":16.0,"enemies":"3 Byrds","floor":19.0,"turns":7.0},{"damage":0.0,"enemies":"Cultist and Chosen","floor":22.0,"turns":2.0},{"damage":38.0,"enemies":"Book of Stabbing","floor":23.0,"turns":4.0},{"damage":28.0,"enemies":"Slavers","floor":25.0,"turns":2.0},{"damage":26.0,"enemies":"Sentry and Sphere","floor":27.0,"turns":5.0},{"damage":51.0,"enemies":"Gremlin Leader","floor":29.0,"turns":6.0},{"damage":9.0,"enemies":"Snake Plant","floor":31.0,"turns":3.0},{"damage":16.0,"enemies":"Collector","floor":33.0,"turns":4.0},{"damage":6.0,"enemies":"3 Darklings","floor":35.0,"turns":3.0},{"damage":13.0,"enemies":"3 Shapes","floor":37.0,"turns":7.0},{"damage":0.0,"enemies":"Maw","floor":41.0,"turns":4.0},{"damage":0.0,"enemies":"Reptomancer","floor":44.0,"turns":1.0},{"damage":0.0,"enemies":"Giant Head","floor":48.0,"turns":2.0},{"damage":51.0,"enemies":"Awakened One","floor":50.0,"turns":5.0},{"damage":72,"enemies":"Donu and Deca","floor":51,"turns":6}],"seed_played":"6560742234183011294","potions_obtained":[{"floor":6.0,"key":"Ambrosia"},{"floor":8.0,"key":"Explosive Potion"},{"floor":19.0,"key":"FairyPotion"},{"floor":22.0,"key":"PowerPotion"},{"floor":29.0,"key":"DistilledChaos"},{"floor":41.0,"key":"SneckoOil"},{"floor":48.0,"key":"GamblersBrew"}],"is_trial":false,"path_per_floor":["M","?","?","M","$","E","R","E","T","M","R","M","E","?","R","B",null,"M","M","$","?","M","E","R","E","T","M","$","E","R","M","R","B",null,"M","$","M","$","?","R","M","R","T","E","?","R","$","E","R","B","B",null],"character_chosen":"WATCHER","items_purchased":["Study","FearNoEvil","OrangePellets","Halt","Adaptation"],"campfire_rested":3,"item_purchase_floors":[20,28,28,38,47],"current_hp_per_floor":[61,61,61,61,61,61,61,35,35,35,55,54,43,39,39,2,52,52,36,51,51,51,25,45,29,29,15,30,16,36,39,39,35,60,54,68,55,68,68,68,68,68,75,75,75,75,75,75,75,36,16],"gold":156,"neow_bonus":"THREE_ENEMY_KILL","is_prod":false,"is_daily":false,"chose_seed":false,"campfire_upgraded":4,"win_rate":0,"timestamp":1635696370,"path_taken":["M","?","?","M","?","E","R","E","T","M","R","M","E","?","R","BOSS","M","M","$","?","M","E","R","E","T","M","$","E","R","M","R","BOSS","M","$","M","$","?","R","?","R","T","E","?","R","$","E","R","BOSS","BOSS"],"build_version":"2020-12-13","purchased_purges":3,"victory":true,"max_hp_per_floor":[68,68,68,68,68,68,68,68,68,68,68,68,68,68,68,68,68,68,68,68,68,68,68,68,68,68,68,68,68,68,68,68,68,68,68,68,68,68,68,68,68,68,75,75,75,75,75,75,75,75,75],"card_choices":[{"not_picked":["CrushJoints","Wireheading"],"picked":"Sanctity","floor":1.0},{"not_picked":["EmptyBody","CutThroughFate"],"picked":"BowlingBash","floor":4.0},{"not_picked":["Evaluate","SashWhip"],"picked":"TalkToTheHand","floor":6.0},{"not_picked":["JustLucky","WreathOfFlame"],"picked":"Consecrate","floor":8.0},{"not_picked":["CutThroughFate","Sanctity"],"picked":"SandsOfTime","floor":10.0},{"not_picked":["Swivel","Collect"],"picked":"ThirdEye","floor":12.0},{"not_picked":["WaveOfTheHand","Judgement"],"picked":"Fasting2","floor":13.0},{"not_picked":["SignatureMove","FlurryOfBlows"],"picked":"LikeWater","floor":14.0},{"not_picked":["Wish","Vault"],"picked":"Ragnarok","floor":16.0},{"not_picked":["FollowUp","Perseverance"],"picked":"FlurryOfBlows","floor":18.0},{"not_picked":["WreathOfFlame","PathToVictory"],"picked":"Crescendo","floor":19.0},{"not_picked":["Evaluate","FollowUp"],"picked":"Tantrum","floor":22.0},{"not_picked":["Nirvana","Vengeance+1"],"picked":"BattleHymn","floor":23.0},{"not_picked":["Worship","SashWhip"],"picked":"Scrawl","floor":25.0},{"not_picked":["FlurryOfBlows","EmptyBody"],"picked":"EmptyFist","floor":27.0},{"not_picked":["Worship","Halt"],"picked":"Ragnarok","floor":29.0},{"not_picked":["SandsOfTime","FollowUp","WaveOfTheHand"],"picked":"SKIP","floor":31.0},{"not_picked":["MasterReality","Brilliance"],"picked":"DevaForm","floor":33.0},{"not_picked":["Crescendo","FollowUp+1","WaveOfTheHand+1"],"picked":"SKIP","floor":35.0},{"not_picked":["MentalFortress+1","EmptyFist","JustLucky"],"picked":"SKIP","floor":37.0},{"not_picked":["CrushJoints","EmptyBody","FlurryOfBlows"],"picked":"SKIP","floor":41.0},{"not_picked":["PathToVictory","Tantrum","Study"],"picked":"SKIP","floor":44.0},{"not_picked":["Halt","Wish","Consecrate"],"picked":"SKIP","floor":48.0}],"player_experience":223570,"relics_obtained":[{"floor":6.0,"key":"StrikeDummy"},{"floor":8.0,"key":"CeramicFish"},{"floor":9.0,"key":"Bag of Marbles"},{"floor":13.0,"key":"PreservedInsect"},{"floor":14.0,"key":"Odd Mushroom"},{"floor":17.0,"key":"MealTicket"},{"floor":17.0,"key":"Meat on the Bone"},{"floor":17.0,"key":"StoneCalendar"},{"floor":23.0,"key":"InkBottle"},{"floor":25.0,"key":"Lizard Tail"},{"floor":26.0,"key":"Ancient Tea Set"},{"floor":29.0,"key":"Peace Pipe"},{"floor":43.0,"key":"Strawberry"},{"floor":44.0,"key":"Whetstone"},{"floor":48.0,"key":"Ice Cream"}],"event_choices":[{"cards_removed":["Defend_P"],"damage_healed":0.0,"max_hp_gain":0.0,"max_hp_loss":0.0,"gold_gain":0.0,"event_name":"The Cleric","player_choice":"Card Removal","floor":2.0,"gold_loss":75.0,"damage_taken":0.0},{"damage_healed":0.0,"max_hp_gain":0.0,"max_hp_loss":0.0,"gold_gain":0.0,"event_name":"Big Fish","player_choice":"Box","floor":3.0,"gold_loss":0.0,"damage_taken":0.0,"relics_obtained":["Mummified Hand"],"cards_obtained":["Regret"]},{"damage_healed":0.0,"max_hp_gain":0.0,"max_hp_loss":0.0,"gold_gain":0.0,"event_name":"Mushrooms","player_choice":"Fought Mushrooms","floor":14.0,"gold_loss":0.0,"damage_taken":0.0},{"cards_removed":["Strike_P"],"damage_healed":0.0,"max_hp_gain":0.0,"max_hp_loss":0.0,"gold_gain":0.0,"event_name":"Back to Basics","player_choice":"Elegance","floor":21.0,"gold_loss":0.0,"damage_taken":0.0},{"damage_healed":0.0,"max_hp_gain":0.0,"max_hp_loss":0.0,"gold_gain":0.0,"event_name":"SecretPortal","player_choice":"Ignored","floor":39.0,"gold_loss":0.0,"damage_taken":0.0},{"cards_removed":["Defend_P"],"damage_healed":0.0,"max_hp_gain":0.0,"max_hp_loss":0.0,"gold_gain":0.0,"event_name":"Bonfire Elementals","player_choice":"Offered Basic","floor":45.0,"gold_loss":0.0,"damage_taken":0.0}],"is_beta":false,"boss_relics":[{"not_picked":["Empty Cage","Runic Pyramid"],"picked":"Calling Bell"},{"not_picked":["Fusion Hammer","Black Star"],"picked":"Coffee Dripper"}],"items_purged_floors":[20,28,36],"is_endless":false,"potions_floor_spawned":[6,8,12,19,22,29,41,48],"ascension_level":20}