{"gold_per_floor":[117,267,3,3,20,20,39,114,114,114,148,148,182,82,82,181,181,195,118,478,492,505,505,303,303],"floor_reached":25,"playtime":821,"items_purged":["Doubt","Decay","Strike_P"],"score":393,"play_id":"2437912c-26b0-4499-b641-b951e38d96d3","local_time":"20211031135908","is_ascension_mode":true,"campfire_choices":[{"data":"Apotheosis","floor":6.0,"key":"SMITH"},{"data":"Eruption","floor":10.0,"key":"SMITH"},{"floor":15.0,"key":"REST"},{"floor":23.0,"key":"REST"}],"neow_cost":"NONE","seed_source_timestamp":457365059525854,"circlet_count":0,"master_deck":["AscendersBane","Strike_P","Strike_P","Defend_P","Defend_P","Defend_P","Eruption+1","Vigilance","CrushJoints","Apotheosis+1","InnerPeace","SashWhip","EmptyBody","Perseverance","Blasphemy","CutThroughFate","Tantrum","CutThroughFate","WindmillStrike","Adaptation"],"special_seed":0,"relics":["Busted Crown","Torii","Ancient Tea Set","Golden Idol","Regal Pillow","Empty Cage"],"potions_floor_usage":[],"damage_taken":[{"damage":9.0,"enemies":"2 Louse","floor":1.0,"turns":4.0},{"damage":0.0,"enemies":"Jaw Worm","floor":5.0,"turns":4.0},{"damage":0.0,"enemies":"Cultist","floor":7.0,"turns":3.0},{"damage":7.0,"enemies":"Lagavulin","floor":11.0,"turns":4.0},{"damage":13.0,"enemies":"3 Sentries","floor":13.0,"turns":8.0},{"damage":5.0,"enemies":"Hexaghost","floor":16.0,"turns":9.0},{"damage":17.0,"enemies":"2 Thieves","floor":18.0,"turns":4.0},{"damage":0.0,"enemies":"Chosen","floor":21.0,"turns":2.0},{"damage":12.0,"enemies":"Shelled Parasite and Fungi","floor":22.0,"turns":3.0},{"damage":53,"enemies":"Slavers","floor":25,"turns":4}],"seed_played":"-5937864395715365103","potions_obtained":[{"floor":1.0,"key":"FairyPotion"},{"floor":11.0,"key":"Fire Potion"},{"floor":16.0,"key":"Strength Potion"},{"floor":18.0,"key":"FearPotion"}],"is_trial":false,"path_per_floor":["M","?","$","?","M","R","M","?","T","R","E","?","E","$","R","B",null,"M","$","?","M","M","R","$","E"],"character_chosen":"WATCHER","items_purchased":["Apotheosis","Tantrum","Adaptation"],"campfire_rested":2,"item_purchase_floors":[3,19,24],"current_hp_per_floor":[52,52,52,52,52,52,52,41,41,41,34,34,21,21,54,49,59,42,42,6,6,12,45,45,0],"gold":303,"neow_bonus":"BOSS_RELIC","is_prod":false,"is_daily":false,"chose_seed":false,"campfire_upgraded":2,"win_rate":0,"timestamp":1635659948,"path_taken":["M","?","$","?","?","R","?","?","T","R","E","?","E","$","R","BOSS","M","$","?","M","?","R","$","E"],"build_version":"2020-12-13","purchased_purges":3,"victory":false,"max_hp_per_floor":[68,68,68,68,68,68,68,68,68,68,68,62,62,62,62,62,62,62,62,62,62,62,62,62,62],"card_choices":[{"not_picked":[],"picked":"CrushJoints","floor":1.0},{"not_picked":[],"picked":"InnerPeace","floor":5.0},{"not_picked":[],"picked":"SashWhip","floor":7.0},{"not_picked":[],"picked":"EmptyBody","floor":11.0},{"not_picked":[],"picked":"Perseverance","floor":13.0},{"not_picked":[],"picked":"Blasphemy","floor":16.0},{"not_picked":[],"picked":"CutThroughFate","floor":18.0},{"not_picked":[],"picked":"CutThroughFate","floor":21.0},{"not_picked":[],"picked":"WindmillStrike","floor":22.0}],"player_experience":212556,"relics_obtained":[{"floor":9.0,"key":"Torii"},{"floor":11.0,"key":"Ancient Tea Set"},{"floor":13.0,"key":"Regal Pillow"}],"event_choices":[{"damage_healed":0.0,"max_hp_gain":0.0,"max_hp_loss":0.0,"gold_gain":150.0,"event_name":"Liars Game","player_choice":"AGREE","floor":2.0,"gold_loss":0.0,"damage_taken":0.0,"cards_obtained":["Doubt"]},{"damage_healed":0.0,"max_hp_gain":0.0,"max_hp_loss":0.0,"gold_gain":0.0,"event_name":"Wheel of Change","player_choice":"Cursed","floor":4.0,"gold_loss":0.0,"damage_taken":0.0,"cards_obtained":["Decay"]},{"damage_healed":0.0,"max_hp_gain":0.0,"max_hp_loss":0.0,"gold_gain":75.0,"event_name":"World of Goop","player_choice":"Gather Gold","floor":8.0,"gold_loss":0.0,"damage_taken":11.0},{"damage_healed":0.0,"max_hp_gain":0.0,"max_hp_loss":6.0,"gold_gain":0.0,"event_name":"Golden Idol","player_choice":"Lose Max HP","floor":12.0,"gold_loss":0.0,"damage_taken":0.0,"relics_obtained":["Golden Idol"]},{"damage_healed":0.0,"max_hp_gain":0.0,"max_hp_loss":0.0,"gold_gain":360.0,"event_name":"Knowing Skull","player_choice":"GOLD GOLD GOLD GOLD ","floor":20.0,"potions_obtained":[],"gold_loss":0.0,"damage_taken":36.0,"cards_obtained":[]}],"is_beta":false,"boss_relics":[{"not_picked":["Coffee Dripper","SacredBark"],"picked":"Empty Cage"}],"items_purged_floors":[3,14,24],"is_endless":false,"potions_floor_spawned":[1,11,16,18],"killed_by":"Slavers","ascension_level":18}