{"gold_per_floor":[110,90,102,112,112,142,142,142,195,206,206,219,294,308,308,308],"floor_reached":16,"playtime":401,"items_purged":[],"score":204,"play_id":"aa1ab9e9-e7a7-496e-ab89-429779faa92b","local_time":"20211031210038","is_ascension_mode":true,"campfire_choices":[{"floor":7.0,"key":"REST"},{"floor":15,"key":"REST"}],"neow_cost":"NONE","seed_source_timestamp":471702318460232,"circlet_count":0,"master_deck":["AscendersBane","Strike_P","Strike_P","Strike_P","Strike_P","Defend_P","Defend_P","Defend_P","Defend_P","Eruption","Vigilance","ClearTheMind","FlurryOfBlows","Adaptation","Halt","Crescendo","DeusExMachina"],"special_seed":0,"relics":["Philosopher\u0027s Stone","Bag of Marbles","Shovel","Juzu Bracelet","Frozen Egg 2"],"potions_floor_usage":[14],"damage_taken":[{"damage":3.0,"enemies":"2 Louse","floor":1.0,"turns":3.0},{"damage":4.0,"enemies":"Cultist","floor":3.0,"turns":3.0},{"damage":3.0,"enemies":"Jaw Worm","floor":4.0,"turns":2.0},{"damage":33.0,"enemies":"Gremlin Nob","floor":6.0,"turns":4.0},{"damage":11.0,"enemies":"3 Louse","floor":10.0,"turns":3.0},{"damage":7.0,"enemies":"Large Slime","floor":12.0,"turns":5.0},{"damage":17,"enemies":"Lots of Slimes","floor":14,"turns":4},{"damage":14,"enemies":"Slime Boss","floor":16,"turns":5}],"seed_played":"-8306629863147658678","potions_obtained":[{"floor":2.0,"key":"Ambrosia"},{"floor":4.0,"key":"LiquidBronze"},{"floor":12.0,"key":"ColorlessPotion"},{"floor":14,"key":"Energy Potion"}],"is_trial":false,"path_per_floor":["M","?","M","M","?","E","R","?","T","M","?","M","?","M","R","B"],"character_chosen":"WATCHER","items_purchased":[],"campfire_rested":2,"item_purchase_floors":[],"current_hp_per_floor":[58,58,54,51,40,7,27,49,49,38,38,31,20,3,23,9],"gold":308,"neow_bonus":"BOSS_RELIC","is_prod":false,"is_daily":false,"chose_seed":false,"campfire_upgraded":0,"win_rate":0,"timestamp":1635685238,"path_taken":["M","?","M","?","?","E","R","?","T","M","?","M","?","M","R","BOSS"],"build_version":"2020-12-13","purchased_purges":0,"victory":false,"max_hp_per_floor":[68,68,68,68,68,68,68,68,68,68,68,68,68,68,68,68],"card_choices":[{"not_picked":["JustLucky","SashWhip","Evaluate"],"picked":"SKIP","floor":1.0},{"not_picked":["Swivel","FollowUp"],"picked":"ClearTheMind","floor":3.0},{"not_picked":["Evaluate","ClearTheMind"],"picked":"FlurryOfBlows","floor":4.0},{"not_picked":["Halt","Protect"],"picked":"Adaptation","floor":6.0},{"not_picked":["SashWhip","Wireheading"],"picked":"Halt","floor":10.0},{"not_picked":["ForeignInfluence","ThirdEye"],"picked":"Crescendo","floor":12.0},{"not_picked":["Halt","ThirdEye"],"picked":"DeusExMachina","floor":14}],"player_experience":222843,"relics_obtained":[{"floor":6.0,"key":"Shovel"},{"floor":9.0,"key":"Juzu Bracelet"}],"event_choices":[{"damage_healed":0.0,"max_hp_gain":0.0,"max_hp_loss":0.0,"gold_gain":0.0,"event_name":"The Woman in Blue","player_choice":"Bought 1 Potion","floor":2.0,"gold_loss":0.0,"damage_taken":0.0},{"damage_healed":0.0,"max_hp_gain":0.0,"max_hp_loss":0.0,"gold_gain":0.0,"event_name":"Scrap Ooze","player_choice":"Success","floor":5.0,"gold_loss":0.0,"damage_taken":11.0,"relics_obtained":["Bag of Marbles"]},{"damage_healed":22.0,"max_hp_gain":0.0,"max_hp_loss":0.0,"gold_gain":0.0,"event_name":"Big Fish","player_choice":"Banana","floor":8.0,"gold_loss":0.0,"damage_taken":0.0},{"damage_healed":0.0,"max_hp_gain":0.0,"max_hp_loss":0.0,"gold_gain":0.0,"event_name":"WeMeetAgain","player_choice":"Gave Potion","floor":11.0,"gold_loss":0.0,"damage_taken":0.0,"relics_obtained":["Frozen Egg 2"]},{"damage_healed":0.0,"max_hp_gain":0.0,"max_hp_loss":0.0,"gold_gain":75.0,"event_name":"World of Goop","player_choice":"Gather Gold","floor":13.0,"gold_loss":0.0,"damage_taken":11.0}],"is_beta":false,"boss_relics":[],"items_purged_floors":[],"is_endless":false,"potions_floor_spawned":[4,12,14],"killed_by":"Slime Boss","ascension_level":20}