{"gold_per_floor":[115,115,290,365,15,15,15,15,15,33,53,63,73,73,73,192,192,215,314,60,81,81,117,117,117],"floor_reached":25,"playtime":1174,"items_purged":["Regret","Doubt"],"score":265,"play_id":"832f535f-6e4c-432e-865f-2cc37711e492","local_time":"20211006133455","is_ascension_mode":true,"campfire_choices":[{"data":"Apotheosis","floor":6,"key":"SMITH"},{"data":"Searing Blow","floor":8,"key":"SMITH"},{"data":"Searing Blow+1","floor":15,"key":"SMITH"},{"floor":24,"key":"REST"}],"neow_cost":"PERCENT_DAMAGE","seed_source_timestamp":79407973234362,"circlet_count":0,"master_deck":["Strike_R","Strike_R","Defend_R+1","Defend_R","Defend_R","Defend_R+1","Bash","True Grit","Apotheosis+1","Searing Blow+2","Immolate","Blood for Blood","Exhume","True Grit","Body Slam","Combust","Rupture"],"relics":["Burning Blood","War Paint","Strawberry","Golden Idol","Empty Cage","MealTicket","Mummified Hand"],"potions_floor_usage":[18,25],"damage_taken":[{"damage":3,"enemies":"Small Slimes","floor":1,"turns":4},{"damage":2,"enemies":"Jaw Worm","floor":10,"turns":4},{"damage":0,"enemies":"Cultist","floor":11,"turns":3},{"damage":0,"enemies":"3 Louse","floor":12,"turns":1},{"damage":0,"enemies":"2 Fungi Beasts","floor":13,"turns":1},{"damage":63,"enemies":"Hexaghost","floor":16,"turns":12},{"damage":28,"enemies":"Shell Parasite","floor":18,"turns":5},{"damage":31,"enemies":"3 Byrds","floor":21,"turns":5},{"damage":39,"enemies":"Gremlin Leader","floor":23,"turns":5},{"damage":53,"enemies":"Book of Stabbing","floor":25,"turns":5}],"seed_played":"770694983952453028","potions_obtained":[{"floor":10,"key":"SpeedPotion"},{"floor":12,"key":"CultistPotion"},{"floor":16,"key":"Regen Potion"},{"floor":21,"key":"GamblersBrew"},{"floor":23,"key":"Energy Potion"}],"is_trial":false,"path_per_floor":["M","?","?","?","$","R","$","R","T","M","M","M","M","?","R","B",null,"M","?","$","M","?","E","R","E"],"character_chosen":"IRONCLAD","items_purchased":["Apotheosis","Searing Blow","MealTicket"],"campfire_rested":1,"item_purchase_floors":[5,5,20],"current_hp_per_floor":[75,75,75,64,64,64,64,64,71,75,81,87,93,68,68,11,103,81,81,81,56,56,23,53,0],"gold":117,"neow_bonus":"TWENTY_PERCENT_HP_BONUS","is_prod":false,"is_daily":false,"chose_seed":false,"campfire_upgraded":3,"win_rate":0,"timestamp":1633498495,"path_taken":["M","?","?","?","$","R","?","R","T","?","M","M","M","?","R","BOSS","M","?","$","M","?","E","R","E"],"build_version":"2020-01-27","purchased_purges":2,"victory":false,"max_hp_per_floor":[96,96,96,96,96,96,96,96,103,103,103,103,103,103,103,103,103,103,103,103,103,103,103,103,103],"card_choices":[{"not_picked":["Anger","Clothesline"],"picked":"True Grit","floor":1},{"not_picked":["Shrug It Off","Clothesline","Heavy Blade"],"picked":"SKIP","floor":10},{"not_picked":["Sword Boomerang","Warcry"],"picked":"Immolate","floor":11},{"not_picked":["Shrug It Off","Headbutt","Sword Boomerang"],"picked":"SKIP","floor":12},{"not_picked":["Twin Strike","Sword Boomerang"],"picked":"Blood for Blood","floor":13},{"not_picked":["Double Tap","Bludgeon"],"picked":"Exhume","floor":16},{"not_picked":["Iron Wave","Pummel"],"picked":"True Grit","floor":18},{"not_picked":["Ghostly Armor+1","Body Slam"],"picked":"Armaments","floor":21},{"not_picked":["Dual Wield","Sever Soul"],"picked":"Rupture","floor":23}],"player_experience":89768,"relics_obtained":[{"floor":9,"key":"Strawberry"},{"floor":23,"key":"Mummified Hand"}],"event_choices":[{"damage_healed":0,"gold_gain":0,"player_choice":"Box","damage_taken":0,"relics_obtained":["War Paint"],"max_hp_gain":0,"max_hp_loss":0,"event_name":"Big Fish","floor":2,"gold_loss":0,"cards_obtained":["Regret"]},{"damage_healed":0,"gold_gain":175,"player_choice":"AGREE","damage_taken":0,"max_hp_gain":0,"max_hp_loss":0,"event_name":"Liars Game","floor":3,"gold_loss":0,"cards_obtained":["Doubt"]},{"damage_healed":0,"gold_gain":75,"player_choice":"Gather Gold","damage_taken":11,"max_hp_gain":0,"max_hp_loss":0,"event_name":"World of Goop","floor":4,"gold_loss":0},{"damage_healed":0,"gold_gain":0,"player_choice":"Take Damage","damage_taken":25,"relics_obtained":["Golden Idol"],"max_hp_gain":0,"max_hp_loss":0,"event_name":"Golden Idol","floor":14,"gold_loss":0},{"damage_healed":0,"gold_gain":99,"player_choice":"Stole From Cult","damage_taken":0,"max_hp_gain":0,"max_hp_loss":0,"event_name":"Nest","floor":19,"gold_loss":0},{"damage_healed":0,"gold_gain":0,"cards_transformed":["Armaments","Strike_R"],"player_choice":"Became Test Subject","damage_taken":0,"max_hp_gain":0,"max_hp_loss":0,"event_name":"Drug Dealer","floor":22,"gold_loss":0,"cards_obtained":["Body Slam","Combust"]}],"is_beta":false,"boss_relics":[{"not_picked":["Ectoplasm","Tiny House"],"picked":"Empty Cage"}],"items_purged_floors":[5,20],"is_endless":false,"potions_floor_spawned":[10,12,16,21,23],"killed_by":"Book of Stabbing","ascension_level":3}